@inproceedings{Dayan1992FeudalRL,
  title={Feudal Reinforcement Learning},
  author={P. Dayan and Geoffrey E. Hinton},
  booktitle={NIPS},
  year={1992}
}

@article{Vezhnevets2016StrategicAW,
  title={Strategic Attentive Writer for Learning Macro-Actions},
  author={Alexander Vezhnevets and Volodymyr Mnih and Simon Osindero and Alex Graves and Oriol Vinyals and John Agapiou and Koray Kavukcuoglu},
  journal={ArXiv},
  year={2016},
  volume={abs/1606.04695}
}

@article{Kulkarni2016HierarchicalDR,
  title={Hierarchical Deep Reinforcement Learning: Integrating Temporal Abstraction and Intrinsic Motivation},
  author={Tejas D. Kulkarni and Karthik Narasimhan and A. Saeedi and J. Tenenbaum},
  journal={ArXiv},
  year={2016},
  volume={abs/1604.06057}
}

@article{Nachum2018DataEfficientHR,
  title={Data-Efficient Hierarchical Reinforcement Learning},
  author={Ofir Nachum and Shixiang Gu and H. Lee and S. Levine},
  journal={ArXiv},
  year={2018},
  volume={abs/1805.08296}
}